<record><leader>00000cas a22000007a 4500</leader><controlfield tag="001">12039195</controlfield><controlfield tag="008">850515d191619uuwiudn ne      0    0eng d</controlfield><datafield ind1=" " ind2=" " tag="010"><subfield code="a">sn 85040725 </subfield></datafield><datafield ind1=" " ind2=" " tag="040"><subfield code="a">NPV</subfield><subfield code="b">eng</subfield><subfield code="c">NPV</subfield><subfield code="d">OCLCQ</subfield></datafield><datafield ind1=" " ind2=" " tag="042"><subfield code="a">msc</subfield></datafield><datafield ind1=" " ind2=" " tag="045"><subfield code="a">x1x-</subfield></datafield><datafield ind1=" " ind2=" " tag="052"><subfield code="a">4123</subfield><subfield code="b">J4</subfield><subfield code="b">D5</subfield></datafield><datafield ind1="0" ind2=" " tag="130"><subfield code="a">Watertown daily leader (Watertown, Wis. : 1916)</subfield></datafield><datafield ind1="1" ind2="0" tag="245"><subfield code="a">Watertown daily leader.</subfield></datafield><datafield ind1=" " ind2=" " tag="260"><subfield code="a">Watertown, Jefferson County, Wis. :</subfield><subfield code="b">Rogers &amp; Doerr,</subfield><subfield code="c">1916-</subfield></datafield><datafield ind1=" " ind2=" " tag="300"><subfield code="a">v. :</subfield><subfield code="b">ill.</subfield></datafield><datafield ind1=" " ind2=" " tag="310"><subfield code="a">Daily (except Sun.)</subfield></datafield><datafield ind1="0" ind2=" " tag="362"><subfield code="a">Vol. 1, no. 1 (Mar. 6, 1916)-</subfield></datafield><datafield ind1=" " ind2=" " tag="530"><subfield code="a">Available on microfilm from The State Historical Society of Wisconsin.</subfield></datafield><datafield ind1=" " ind2=" " tag="752"><subfield code="a">United States</subfield><subfield code="b">Wisconsin</subfield><subfield code="c">Jefferson</subfield><subfield code="d">Watertown.</subfield></datafield><datafield ind1=" " ind2=" " tag="752"><subfield code="a">United States</subfield><subfield code="b">Wisconsin</subfield><subfield code="c">Dodge</subfield><subfield code="d">Watertown.</subfield></datafield><datafield ind1="0" ind2=" " tag="775"><subfield code="t">Watertown weekly leader (Watertown, Wis. : 1911)</subfield><subfield code="w">(DLC)sn 85040721</subfield></datafield></record>